3025 4892
463 323 851 396 ΕΗΒΟΝΟΕΒΑΡΗΙΔ.
935 334 939 361 '-
1128 315 1207 392 635

106 483 161 562 nair
189 487 463 580 ἀπολογησάμενον
489 481 584 566 αὖθις
609 490 657 554 ini
676 487 734 573 τὴν
757 493 816 556 reri
834 482 1029 575 κηρόγματος
1049 491 1207 558 διακονίαν

105 593 195 681 λόγος
218 595 276 678 ἔχει
298 600 483 664 στείλασθαι
506 592 562 660 τόν
576 589 769 672 ἀπόστολον,
797 590 939 678 δεότερον
954 593 988 658 δὲ
1001 588 1152 674 ίπιβάντα
1166 599 1207 680 τῇ

106 699 187 786 αὐτῇ
213 697 298 766 πόλει
319 705 365 789 τῷ
385 697 460 764 κατ’
477 696 572 764 αὐτόν
587 701 788 780 τελειωθῆναι
800 696 972 783 μαρτνρίηι.
999 686 1069 785 lapi
1084 698 1210 780 δεσμοῖς

106 798 250 886 ίχόμενος
286 802 343 888 τὴν
368 801 447 888 πρὸς
478 797 641 884 Τιμόθεον
668 797 815 884 δεντίραν
844 797 1007 882 ἐπιστολὴν
1035 796 1207 881 συντάττει,

84 901 187 988 dipteri
206 906 363 989 σημαίνων
379 904 436 989 τὴν
449 902 603 989 προτέραν
624 901 711 992 αὐτῷ
732 901 895 988 γενομίνην
909 900 1078 986 άπολαγίαν
1090 905 1141 968 καλ
1152 902 1211 988 τὴν

105 1006 192 1092 παρά
218 1005 316 1086 πόδας
329 1010 490 1075 τελείωσιν.
519 1007 610 1091 δίχοα
626 1004 666 1092 δὴ
680 1008 750 1092 περὶ
765 1002 885 1072 τοότων
899 1002 957 1080 τάς
976 1003 1073 1070 αὐτοῦ
1086 1030 1208 1093 μαρτν-
1221 1020 1254 1077 P.
1270 1021 1325 1078 386

106 1113 186 1196 ρίας.
210 1111 243 1177 ἓν
262 1119 301 1198 τῇ
326 1107 434 1198 πριότῃ
452 1135 533 1194 μου,
560 1111 675 1198 φησίν,
703 1109 853 1198 ἀπολογίη
865 1107 966 1183 αόδείς
980 1132 1034 1190 μοι
1051 1132 1210 1195 συμπαρε-

103 1214 205 1299 γίνετο
214 1263 225 1296 ,
253 1213 334 1282 άλλά
348 1211 459 1292 πάντες
471 1239 510 1298 με
526 1211 738 1300 ίγκατίλιπον·
764 1211 809 1298 μὴ
824 1212 930 1288 adroic
949 1212 1118 1296 λογισθείη.
1146 1209 1212 1278 ὅδὲ

106 1312 212 1402 κόριός
236 1343 291 1402 μοι
313 1318 452 1405 παρίστη
473 1318 524 1384 καί
545 1313 760 1398 ίνεάννάμωσί
778 1341 838 1398 με,
862 1317 917 1381 ἵνα
931 1313 976 1380 δι’
1002 1315 1080 1398 iperi
1097 1312 1135 1380 τό
1154 1311 1206 1398 κη’-

65 1427 99 1481 10
108 1444 211 1505 ρογμα
241 1426 473 1508 πληροφορηθῇ
499 1422 552 1486 καὶ
577 1416 733 1486 όικοόσωσι
753 1416 856 1484 πάντα
876 1417 917 1484 τά
930 1416 1027 1502 ἔθνη,
1054 1413 1212 1504 καὶίρρό-

106 1529 192 1607 σθην
209 1523 242 1588 ἔκ
263 1521 418 1608 στόματος
441 1523 573 1599 λίαντος.
601 1528 712 1610 σαφῶς
729 1523 765 1587 δὲ
783 1523 950 1607 παρίστησι
963 1519 1016 1586 deni
1028 1517 1149 1587 τοότων
1163 1517 1213 1586 ότι
1317 1519 1324 1540 ’

109 1625 148 1708 δὴ
165 1624 201 1690 τὸ
218 1622 387 1711 πρότερον,
416 1623 458 1702 ὥς
473 1624 512 1692 dv
526 1624 563 1692 τό
580 1621 723 1712 κήρυγμα
738 1623 786 1690 δι’
802 1624 900 1692 αὐτοῦ
915 1629 1148 1712 πληροφορηθῇ
1161 1625 1214 1689 καί

108 1724 264 1794 άκοόσωσι
290 1725 392 1795 πάντα
411 1727 452 1794 τά
474 1727 570 1814 ἔθνη,
597 1724 738 1816 ἓρρόσθη
759 1728 793 1793 ἐκ
811 1734 868 1794 τοῦ
896 1724 1053 1812 στόματος
1071 1727 1211 1802 λέοντος·

107 1829 164 1894 τὸν
189 1830 321 1917 Νέρωνα
349 1828 447 1918 ταύτῃ
453 1881 464 1912 ,
493 1827 534 1908 ὥς
565 1828 658 1912 ἴοικε,
687 1830 739 1896 διά
764 1830 802 1897 τό
825 1828 999 1914 ὠμόθνμον
1028 1827 1213 1918 προσειπών.

64 1945 100 2002 16
109 1932 223 1998 οὐκοῦν
239 1929 309 2018 ἑξῆς
323 1935 521 2021 προστίθεται
533 1929 750 2020 παραπλήσιόν
766 1959 797 2000 τι
812 1933 850 2000 τό
858 1983 870 2016 ,
897 1931 1028 2022 ῥάσεταί
1039 1959 1078 2017 με
1091 1933 1124 1998 ἔκ
1136 1928 1211 1998 στό-

109 2060 211 2117 ματος
235 2036 368 2114 λέοντος.
395 2035 478 2124 ἑώρα
498 2036 558 2124 γάρ
571 2037 629 2120 τὴν
647 2035 734 2104 οόπω
748 2035 923 2121 μίλλοασαν
935 2036 1035 2102 αὐτοῦ
1049 2033 1240 2120 τελευτήνἯ

108 2135 158 2204 tut
192 2163 268 2226 φησι
301 2143 352 2206 καὶ
379 2137 508 2228 ρόσεταί
527 2165 566 2224 με
586 2141 619 2205 ἐκ
647 2137 805 2224 στόματος
829 2140 952 2216 λίοντος
980 2135 997 2206 ό
1021 2135 1126 2226 κάρτος
1150 2137 1212 2204 άπὸ

108 2241 224 2318 παντὸς
244 2240 333 2328 ἔργον
355 2249 511 2328 πονηροῦ,
540 2245 593 2308 καὶ
622 2240 715 2310 στάσει
737 2247 782 2320 είς
796 2243 856 2328 τὴν
869 2244 1031 2326 βασιλείαν
1043 2242 1144 2308 αὐτοῦ
1156 2240 1215 2326 τὴν

109 2341 290 2432 ἐπουράνιον
296 2395 308 2426 ,
334 2348 493 2430 σημαίνων
516 2348 693 2432 παραυτίκα
704 2344 878 2434 μαρτάριον
884 2395 895 2426 ,
923 2345 1214 2432 ὃκαλσαφίστεραν

62 2448 141 2520 miv
156 2455 196 2536 τῇ
212 2448 292 2536 αὐτῇ
307 2449 445 2536 προλέγει
456 2455 561 2538 γραφῇ
576 2446 722 2537 φάσκων,
749 2453 803 2518 καὶ
816 2447 833 2517 ό
845 2448 953 2539 καιρός
963 2455 1021 2535 τῆς
1037 2444 1216 2526 άναλάσειός

108 2577 170 2635 μοα
182 2550 356 2640 ἐφέστηκεν.

102 2713 105 2716 ’
179 2719 205 2772 1.
231 2714 315 2784 Vulgo
335 2710 587 2784 όνταλογησόμενοσ.
622 2711 734 2766 Correni
752 2729 786 2767 ex
800 2712 926 2768 lineebie.
1015 2715 1043 2768 2
1085 2711 1142 2779 ὀγ
1159 2713 1214 2784 ἔχει

177 2785 266 2839 addidi
275 2785 340 2838 exB
355 2793 384 2840 et
394 2783 518 2838 Eusebio,
588 2783 615 2838 6·
632 2777 679 2850 δὴ]
698 2779 729 2837 dt
741 2781 778 2836 G.
847 2781 950 2852 adreci]
967 2782 1083 2837 Timcth.
1106 2782 1161 2852 Li,
1172 2787 1215 2842 16.

235 2855 261 2908 7.
280 2857 375 2927 νῇοιιι.
389 2853 420 2907 Β.
495 2855 521 2910 8.
539 2849 731 2924 ίγκατίλειπαν
740 2851 771 2907 Β.
848 2851 891 2909 14.
907 2849 996 2924 ταύτῃ
1008 2853 1040 2906 Ρ.
1056 2851 1163 2923 ταύτην
1177 2857 1214 2908 G.

244 2925 287 2980 15.
309 2923 507 2994 προστέθεικεν
519 2923 551 2976 Β.
569 2921 757 2994 πραστὲθηκεν
774 2921 812 2978 G.
905 2925 949 2980 16.
965 2918 1040 2995 ἓόρα
1055 2921 1110 2994 γάρ
1125 2918 1215 2980 addidi

179 2992 256 3047 ch.
333 2997 377 3050 17.
394 2991 436 3062 ἐκ]
453 2991 546 3050 innoti
560 2993 597 3047 G.

111 3131 275 3202 praedicasse
287 3135 400 3184 testatae
410 3133 459 3185 eei
493 3129 535 3184 Eo
548 3133 663 3201 tempere
674 3147 809 3200 caueapre
820 3147 850 3184 ee
860 3145 962 3184 rnraum
977 3129 1049 3184 dicta
1062 3127 1096 3184 ad
1109 3129 1215 3200 praedi·

110 3200 220 3254 cationis
234 3200 408 3266 ministerium,
426 3201 507 3265 aiunt,
519 3201 652 3270 apostolus
661 3201 752 3253 mieeue
767 3209 823 3262 σοις
839 3206 867 3252 et
878 3199 985 3253 eandem
999 3201 1087 3253 urbem
1100 3198 1215 3254 ”cundo

110 3278 233 3353 repetent
253 3271 281 3323 in
309 3288 342 3323 ea
363 3269 487 3339 martyrio
512 3270 563 3322 fuit
582 3278 780 3327 consummatae.
813 3268 841 3321 In
860 3269 970 3322 rincuiia
992 3268 1076 3322 adhuc
1094 3269 1216 3322 detentus

111 3339 246 3409 epistelam
258 3339 291 3393 ad
304 3339 466 3393 Timotheum
477 3331 569 3392 scribit
583 3337 735 3404 necandam,
751 3339 778 3392 in
791 3355 866 3409 qaam
880 3338 993 3408 priorem
1005 3355 1075 3394 enam
1087 3337 1217 3392 defentio-

111 3425 168 3461 nem
188 3415 215 3462 et
233 3408 404 3462 imminentem
422 3407 508 3462 evita
525 3425 658 3462 excessum
682 3408 803 3472 insinuat.
841 3408 939 3476 Accipe
960 3424 1024 3461 vere
1044 3407 1157 3462 eiuadem
1181 3407 1217 3462 de

110 3477 337 3531 ietietectimonin.
373 3476 429 3543 „In
444 3477 592 3532 defensioue
609 3495 666 3531 mea
700 3475 808 3542 riore‚”
828 3476 935 3538 scribit,
958 3477 1067 3540 „nullae
1086 3477 1149 3531 mibi
1168 3478 1216 3531 ad-

111 3545 171 3610 tuit,
191 3545 237 3600 aed
249 3565 336 3600 omnen
348 3563 390 3600 me
402 3547 604 3617 dereliquerunt.
629 3548 673 3601 Ne
684 3546 736 3600 aliia
749 3547 898 3615 imputetur.
922 3545 1046 3600 Dominae
1059 3547 1122 3601 mibi
1135 3549 1218 3602 adeti-

111 3616 146 3668 tit
160 3622 188 3668 et
199 3616 357 3670 confortavit
373 3633 430 3680 me,
448 3623 477 3669 ut
499 3633 547 3688 per
569 3634 609 3670 ωε
628 3615 788 3710 praedicatio
800 3614 938 3686 inpleatur
958 3623 987 3669 et
1006 3617 1113 3670 audiant
1131 3635 1220 3674 omnen

111 3693 212 3754 genten,
229 3703 262 3738 ex
276 3703 320 3738 ore
334 3683 416 3738 ieenia
429 3685 554 3739 liberatus
565 3703 629 3739 eum.
644 3685 651 3712 '
686 3685 788 3750 Quibue
802 3701 864 3738 eane
877 3686 1017 3754 praenieea
1029 3687 1150 3756 liquidius
1163 3705 1220 3742 mn·

111 3755 235 3818 niieetat3
252 3753 454 3826 praedicationi·
466 3756 581 3810 nimirum
596 3755 695 3808 muneri
712 3753 873 3824 adimplendo
888 3762 915 3808 et
925 3755 1046 3825 gentibue
1059 3757 1162 3811 cuncti·
1175 3755 1219 3811 dei

112 3825 218 3878 verbnm
235 3824 372 3877 edocendis
385 3841 442 3876 eene
455 3825 489 3879 de
504 3842 549 3878 ore
566 3823 646 3877 iconie
660 3831 784 3894 ereptum.
820 3823 861 3876 Eo
877 3842 953 3894 porro
965 3824 1109 3892 vocabulo,
1126 3828 1153 3882 ni
1168 3827 1218 3881 tel-

112 3893 166 3956 inr,
186 3893 313 3946 Neronem
329 3901 437 3964 prepter
453 3911 607 3948 communem
622 3894 727 3962 utrique
743 3893 821 3946 animi
842 3893 1002 3947 ferocitatem
1021 3895 1151 3978 appellat,
1168 3913 1220 3967 qna

111 3961 239 4014 decanea
256 3961 337 4016 aimiie
352 3963 416 4031 quid
432 3965 578 4027 eubiniert‚
596 3963 718 4016 liberabit
732 3981 772 4016 nae
785 3963 818 4015 de
837 3979 882 4017 ere
902 3964 1000 4026 ieonie3
1018 3974 1088 4017 ritae
1110 3983 1220 4036 namque

111 4031 245 4084 terminum
271 4031 442 4100 praevidebat
461 4033 645 4086 imminentem:
670 4049 702 4085 ac
721 4032 835 4094 idcirce,
860 4032 1006 4097 „liberabit
1023 4035 1101 4097 me‚''
1125 4035 1220 4105 inquit,

112 4100 248 4164 „dominae
261 4101 293 4153 de
305 4119 349 4156 ore
363 4100 453 4166 iconie,
460 4103 493 4156 ab
504 4101 571 4156 omni
585 4118 664 4172 opere
671 4102 737 4156 malo
751 4111 779 4156 et
786 4101 884 4156 eeivum
899 4103 979 4156 faciet
989 4102 1016 4155 in
1028 4121 1133 4172 regnum
1145 4121 1219 4157 enum

112 4168 266 4232 caeieete;”
284 4187 333 4240 quo
346 4187 396 4224 non
411 4172 501 4238 procui
514 4172 615 4224 dietana
629 4170 780 4239 martyrium
798 4171 957 4237 declararit,
975 4174 1044 4242 quod
1061 4173 1221 4226 maniieetiue

111 4239 199 4360 ieptitpap
206 4239 319 4330 ppieteia
331 4240 468 4311 praedicit,
482 4243 597 4296 ecribene
608 4239 636 4295 in
648 4239 714 4296 haee
727 4241 822 4296 verbu
834 4249 957 4313 „tempta
970 4241 1135 4297 reuolutionie
1148 4259 1221 4298 meae

138 4327 150 4359 Ι
192 4346 199 4360 ι
