3025 4892
446 1405 962 1496 enarrarro

350 1538 671 1682 GUILIELMl
715 1601 1055 1708 DINDORFH.

592 1849 806 1868 ὴ*-

152 2051 352 2175 Georgium
377 2108 420 2154 ex
442 2087 609 2155 codicibus
628 2087 780 2180 Parisinia
800 2089 932 2158 duobus
956 2088 1041 2180 (ΑΒ)
1070 2090 1248 2158 emendavi.

150 2206 280 2273 Eorum
294 2208 323 2272 Δ
344 2206 458 2296 (1711)
473 2207 560 2274 idem
578 2221 628 2276 eat
643 2231 744 2298 quem
758 2211 889 2300 primus
905 2203 1080 2298 usurparit
1097 2207 1249 2298 Scaliger,

151 2347 257 2413 quum
272 2323 407 2392 Euaebii
426 2324 662 2394 chronicorum
682 2329 837 2418 reliquias
853 2327 893 2394 ad
915 2327 1115 2416 Hieronymi
1133 2351 1249 2395 exem-

151 2443 250 2532 plum
270 2444 482 2527 instauraret,
509 2458 586 2536 post
615 2445 819 2536 scaligerum
853 2447 1009 2537 princepe
1042 2446 1248 2534 chronogra-

148 2561 262 2652 phei*
282 2563 388 2630 editor
400 2562 537 2631 lacobus
564 2565 710 2648 Gomara,
731 2566 885 2654 Scaligeri
904 2566 1107 2633 obtrectator
1125 2566 1248 2632 acerri-

42 2718 45 2735 ·
149 2704 236 2764 mna,
254 2683 413 2749 mediocri
425 2683 528 2750 homo
541 2683 709 2767 doctrina,
729 2686 808 2752 artie
825 2686 954 2751 criticae
970 2683 1129 2751 facultate
1141 2682 1248 2764 nulla,

149 2801 344 2890 negligentia
366 2801 555 2870 incredibili.
597 2802 748 2893 Scriptus
766 2815 815 2870 eat
837 2825 924 2870 anno
938 2801 1059 2870 Mxxl
1081 2804 1117 2869 in
1135 2823 1250 2870 mem-

151 2919 276 2987 branis:
299 2920 374 2988 ride
395 2921 498 2988 Goam'
516 2920 758 3012 praefationem
777 2921 841 2992 rol.
855 2921 899 2989 11.
918 2945 954 3012 p.
969 2929 1023 2995 69.
1038 2921 1089 2991 ed.
1107 2932 1247 2990 nostrae.

151 3037 282 3104 Excidit
293 3037 414 3105 folium
437 3061 543 3107 unum
564 3040 614 3131 (p.
628 3048 709 3124 716,
731 3048 908 3123 19-728,
932 3040 984 3129 1).

234 3157 319 3224 Huic
336 3156 424 3224 libro
456 3157 645 3244 longiaaime
673 3171 820 3249 praestat
843 3161 927 3226 alter
956 3161 1103 3243 (1764),
1124 3157 1183 3244 qui
1204 3177 1248 3224 ex

148 3277 298 3345 Bredorii
327 3274 474 3367 epistolia
500 3275 734 3344 Pariaienaibua
759 3299 795 3367 p.
821 3279 894 3348 154.
924 3276 1085 3356 innotuit,
1114 3285 1248 3364 eratque

149 3395 233 3462 milri
258 3395 460 3485 ampliorem
487 3395 588 3462 etiam
614 3395 788 3463 utilitatem
816 3395 978 3464 allaturae
985 3441 996 3478 ,
1017 3396 1054 3479 ,ei
1078 3416 1187 3484 neque
1210 3394 1247 3460 in

52 3558 53 3569 a
147 3516 258 3584 medio
280 3538 385 3606 opere
412 3513 563 3605 pluribus
588 3513 677 3582 foliis
708 3529 792 3584 earet
821 3515 970 3584 delectur
995 3536 1056 3582 nee
1083 3513 1194 3603 capite
1215 3523 1250 3578 et

148 3634 233 3702 calce
250 3645 433 3703 nuncatua.
476 3633 596 3726 Incipit
609 3658 646 3726 p·
663 3637 724 3719 95,
746 3641 797 3706 16
818 3635 936 3704 decinit
956 3657 993 3726 p.
1010 3636 1092 3714 646,
1113 3639 1147 3702 7.

231 3753 283 3820 Ad
303 3765 511 3844 postremam
539 3751 805 3844 chronographei
836 3765 969 3845 partem
999 3754 1159 3844 (ptos,
1181 3751 1249 3838 11),

121 3867 126 3880 ’
149 3893 300 3959 quaeres
317 3871 395 3939 inde
419 3871 461 3940 ab
482 3871 633 3962 Pompeii
655 3872 864 3964 temporibue
883 3885 993 3962 gestae·
1004 3869 1249 3962 complectitur,

149 3989 280 4058 Goarua
305 3990 373 4059 duo
393 3989 474 4059 alica
497 3991 622 4059 codices
643 3991 770 4073 attulit,
792 3991 1007 4060 Pereaianum
1029 3987 1085 4079 (P)
1104 4000 1139 4056 et
1163 3987 1249 4056 Bar-

147 4107 373 4192 berinianum,
396 4110 436 4178 de
449 4110 571 4200 quibua
585 4109 698 4202 ipeum
715 4109 792 4180 vide
808 4120 1033 4201 exponentem
1049 4109 1086 4178 in
1106 4121 1250 4178 annota-

147 4226 241 4294 tione
261 4251 295 4319 p.
316 4238 369 4302 72
387 4228 438 4299 ed.
461 4229 561 4298 Paria.

180 4413 195 4450 *
212 4413 315 4502 l’rodlit
331 4415 442 4474 Pericli·
458 4433 483 4473 a·
501 4417 594 4484 1652„
611 4415 686 4490 typri
702 4413 813 4473 vner-
830 4427 946 4470 Μ
961 4428 989 4468 a.
1005 4411 1083 4469 1729.
